<?xml version="1.0" encoding="UTF-8"?><collection xmlns="http://www.loc.gov/MARC21/slim"><record><leader>00355nam--2200133-i-4500</leader><controlfield tag="001">000004119</controlfield><controlfield tag="002">20161230</controlfield><controlfield tag="005">20161230201025</controlfield><controlfield tag="008">060222s1000------------r-----000-0-eng-d</controlfield><datafield ind1=" " ind2=" " tag="100"><subfield code="a">Born, Prof.Dr.Max</subfield></datafield><datafield ind1=" " ind2=" " tag="245"><subfield code="a">Optik. ein lehrbuch der elecktromagnetischen l ichttheorie</subfield></datafield><datafield ind1=" " ind2=" " tag="260"><subfield code="a">Berlin,  Julius Springer , 1933</subfield></datafield><datafield ind1=" " ind2=" " tag="490"><subfield code="a">Vii + 591 P</subfield></datafield><datafield ind1=" " ind2=" " tag="852"><subfield code="a">30 A</subfield></datafield></record></collection>